<record><leader>00000cas a22000007a 4500</leader><controlfield tag="001">24033715</controlfield><controlfield tag="008">910705d19021903nyuwr ne      0    0eng d</controlfield><datafield ind1=" " ind2=" " tag="010"><subfield code="a">sn 91066572 </subfield></datafield><datafield ind1=" " ind2=" " tag="040"><subfield code="a">NYS</subfield><subfield code="b">eng</subfield><subfield code="c">NYS</subfield><subfield code="d">OCLCQ</subfield></datafield><datafield ind1=" " ind2=" " tag="042"><subfield code="a">msc</subfield></datafield><datafield ind1="0" ind2=" " tag="130"><subfield code="a">Whitestown gazette (Whitesboro, N.Y. : Whitesboro ed.)</subfield></datafield><datafield ind1="1" ind2="4" tag="245"><subfield code="a">The Whitestown gazette.</subfield></datafield><datafield ind1=" " ind2=" " tag="250"><subfield code="a">[Whitesboro ed.].</subfield></datafield><datafield ind1=" " ind2=" " tag="260"><subfield code="a">Whitesboro, N.Y. :</subfield><subfield code="b">Gazette Pub. Co.,</subfield><subfield code="c">-1903.</subfield></datafield><datafield ind1=" " ind2=" " tag="300"><subfield code="a">v. ;</subfield><subfield code="c">58 cm.</subfield></datafield><datafield ind1=" " ind2=" " tag="310"><subfield code="a">Weekly</subfield></datafield><datafield ind1="1" ind2=" " tag="362"><subfield code="a">Began in 1902?</subfield></datafield><datafield ind1="0" ind2=" " tag="362"><subfield code="a">-v. 2, no. 52 (Dec. 31, 1903).</subfield></datafield><datafield ind1=" " ind2=" " tag="588"><subfield code="a">Description based on: Vol. 1, no. 11 (Mar. 12, 1902).</subfield></datafield><datafield ind1=" " ind2="4" tag="651"><subfield code="a">Whitesboro (N.Y.)</subfield><subfield code="v">Newspapers.</subfield></datafield><datafield ind1=" " ind2=" " tag="752"><subfield code="a">United States</subfield><subfield code="b">New York</subfield><subfield code="c">Oneida</subfield><subfield code="d">Whitesboro.</subfield></datafield><datafield ind1="0" ind2=" " tag="775"><subfield code="t">Whitestown gazette (Whitesboro, N.Y. : Utica ed.)</subfield><subfield code="w">(DLC)sn 91066571</subfield><subfield code="w">(OCoLC)24033771</subfield></datafield><datafield ind1="0" ind2="0" tag="785"><subfield code="t">Oneida County gazette</subfield><subfield code="w">(DLC)sn 91066573</subfield><subfield code="w">(OCoLC)24033843</subfield></datafield></record>